<record><leader>00000cas a22000007a 4500</leader><controlfield tag="001">15794721</controlfield><controlfield tag="008">870601d18151816njuwr ne      0    0eng d</controlfield><datafield ind1=" " ind2=" " tag="010"><subfield code="a">sn 87068104 </subfield></datafield><datafield ind1=" " ind2=" " tag="040"><subfield code="a">NJW</subfield><subfield code="b">eng</subfield><subfield code="c">NJW</subfield><subfield code="d">MGN</subfield><subfield code="d">OCLCQ</subfield></datafield><datafield ind1=" " ind2=" " tag="042"><subfield code="a">msc</subfield></datafield><datafield ind1="0" ind2=" " tag="130"><subfield code="a">Memorandum (Morristown, N.J.)</subfield></datafield><datafield ind1="1" ind2="4" tag="245"><subfield code="a">The memorandum.</subfield></datafield><datafield ind1=" " ind2=" " tag="260"><subfield code="a">Morris-Town, N.J. :</subfield><subfield code="b">Henry P. Russell</subfield></datafield><datafield ind1=" " ind2=" " tag="310"><subfield code="a">Weekly</subfield></datafield><datafield ind1="1" ind2=" " tag="362"><subfield code="a">Began Dec. 21, 1815; ceased May 2, 1816.</subfield></datafield><datafield ind1=" " ind2=" " tag="588"><subfield code="a">Description based on: Vol. 1, no. 14 (Mar. 21, 1816).</subfield></datafield><datafield ind1=" " ind2=" " tag="752"><subfield code="a">United States</subfield><subfield code="b">New Jersey</subfield><subfield code="c">Morris</subfield><subfield code="d">Morristown.</subfield></datafield><datafield ind1="0" ind2="0" tag="780"><subfield code="t">Morris-Town herald (Morristown, N.J. : 1811)</subfield><subfield code="w">(DLC)sn 85025297</subfield><subfield code="w">(OCoLC)11635590</subfield></datafield><datafield ind1="0" ind2="0" tag="785"><subfield code="t">Morris-Town herald (Morristown, N.J. : 1816)</subfield><subfield code="w">(DLC)sn 95068821</subfield></datafield></record>